<record><leader>00000cas a22000007a 4500</leader><controlfield tag="001">16072322</controlfield><controlfield tag="008">870625d18371840pauwr ne      0    0eng d</controlfield><datafield ind1=" " ind2=" " tag="010"><subfield code="a">sn 87080386 </subfield></datafield><datafield ind1=" " ind2=" " tag="040"><subfield code="a">NPH</subfield><subfield code="b">eng</subfield><subfield code="c">NPH</subfield><subfield code="d">OCLCQ</subfield></datafield><datafield ind1=" " ind2=" " tag="042"><subfield code="a">msc</subfield></datafield><datafield ind1="0" ind2=" " tag="130"><subfield code="a">Advocate (Wilkes-Barre, Pa.)</subfield></datafield><datafield ind1="1" ind2="4" tag="245"><subfield code="a">The advocate.</subfield></datafield><datafield ind1=" " ind2=" " tag="260"><subfield code="a">Wilkesbarre, Pa. :</subfield><subfield code="b">Printed by A[mos] Sisty</subfield></datafield><datafield ind1=" " ind2=" " tag="300"><subfield code="a">v. ;</subfield><subfield code="c">53 cm.</subfield></datafield><datafield ind1=" " ind2=" " tag="310"><subfield code="a">Weekly</subfield></datafield><datafield ind1="1" ind2=" " tag="362"><subfield code="a">Began in 1837.</subfield></datafield><datafield ind1="0" ind2=" " tag="362"><subfield code="a">-new ser. v. 3, no. 29 (Apr. 22, 1840).</subfield></datafield><datafield ind1=" " ind2=" " tag="588"><subfield code="a">Description based on: Vol. 5, no. 52 (July 19, 1837).</subfield></datafield><datafield ind1=" " ind2=" " tag="752"><subfield code="a">United States</subfield><subfield code="b">Pennsylvania</subfield><subfield code="c">Luzerne</subfield><subfield code="d">Wilkes-Barre.</subfield></datafield><datafield ind1="0" ind2="0" tag="780"><subfield code="t">Wilkes-Barre anti-masonic advocate, and Luzerne, Wayne and Susquehanna journal</subfield></datafield><datafield ind1="0" ind2="0" tag="785"><subfield code="t">Wilkes-Barre advocate</subfield><subfield code="w">(DLC)sn 85054439</subfield></datafield><datafield ind1="1" ind2=" " tag="029"><subfield code="a">AU@</subfield><subfield code="b">000025813450</subfield></datafield></record>